<record><leader>00000cas a2200000 a 4500</leader><controlfield tag="001">727063936</controlfield><controlfield tag="008">110525d19581958cauwr ne      0    0eng c</controlfield><datafield ind1=" " ind2=" " tag="010"><subfield code="a">sn2011271185</subfield></datafield><datafield ind1=" " ind2=" " tag="040"><subfield code="a">CNK</subfield><subfield code="b">eng</subfield><subfield code="c">CNK</subfield><subfield code="d">CNK</subfield><subfield code="d">OCLCQ</subfield><subfield code="d">OCLCF</subfield><subfield code="d">OCLCO</subfield></datafield><datafield ind1=" " ind2=" " tag="042"><subfield code="a">pcc</subfield></datafield><datafield ind1=" " ind2=" " tag="043"><subfield code="a">n-us-ca</subfield></datafield><datafield ind1="0" ind2="0" tag="245"><subfield code="a">Saratoga citizen &amp; Saratoga shopper.</subfield></datafield><datafield ind1="3" ind2=" " tag="246"><subfield code="a">Saratoga citizen and Saratoga shopper</subfield></datafield><datafield ind1=" " ind2=" " tag="260"><subfield code="a">Saratoga, Calif. :</subfield><subfield code="b">Robert McCluskey</subfield></datafield><datafield ind1=" " ind2=" " tag="300"><subfield code="a">v.</subfield></datafield><datafield ind1=" " ind2=" " tag="310"><subfield code="a">Weekly</subfield></datafield><datafield ind1="0" ind2=" " tag="362"><subfield code="a">Vol. 1, no. 1 (Jan. 29, 1958)-</subfield></datafield><datafield ind1="1" ind2=" " tag="362"><subfield code="a">Ceased in Feb. 1958.</subfield></datafield><datafield ind1=" " ind2=" " tag="530"><subfield code="a">Master negatives are available for duplication from:</subfield><subfield code="b">California Newspaper Microfilm Archive;</subfield><subfield code="c">positive copies may be purchased by the reel; for further information consult the CNMA at:</subfield><subfield code="u">http://cbsr.ucr.edu</subfield></datafield><datafield ind1=" " ind2=" " tag="588"><subfield code="a">Latest issue consulted: Vol. 1, no. 3 (Feb. 12, 1958).</subfield></datafield><datafield ind1=" " ind2="0" tag="651"><subfield code="a">Saratoga (Calif.)</subfield><subfield code="v">Newspapers.</subfield></datafield><datafield ind1=" " ind2="7" tag="655"><subfield code="a">Newspapers.</subfield><subfield code="2">fast</subfield><subfield code="0">(OCoLC)fst01423814</subfield></datafield><datafield ind1=" " ind2="7" tag="651"><subfield code="a">California</subfield><subfield code="z">Saratoga.</subfield><subfield code="2">fast</subfield><subfield code="0">(OCoLC)fst01215500</subfield></datafield><datafield ind1=" " ind2=" " tag="752"><subfield code="a">United States</subfield><subfield code="b">California</subfield><subfield code="c">Santa Clara</subfield><subfield code="d">Saratoga.</subfield></datafield><datafield ind1="0" ind2="0" tag="780"><subfield code="t">Saratoga shopper</subfield><subfield code="w">(DLC)sn2011271184</subfield></datafield><datafield ind1="0" ind2="0" tag="785"><subfield code="t">Saratoga citizen</subfield><subfield code="w">(DLC)sn2011271186</subfield></datafield></record>